<?xml version="1.0" encoding="UTF-8"?><collection xmlns="http://www.loc.gov/MARC21/slim"><record><leader>00391nam--2200133-i-4500</leader><controlfield tag="001">000036584</controlfield><controlfield tag="002">20161230</controlfield><controlfield tag="005">20161230201041</controlfield><controlfield tag="008">060222s1000------------r-----000-0-eng-d</controlfield><datafield ind1=" " ind2=" " tag="080"><subfield code="a">621.791.052</subfield></datafield><datafield ind1=" " ind2=" " tag="100"><subfield code="a">Praceus, Ewald</subfield></datafield><datafield ind1=" " ind2=" " tag="245"><subfield code="a">Procedee de sudare manuala si aplicarea lor. traducere din limba germana</subfield></datafield><datafield ind1=" " ind2=" " tag="260"><subfield code="a">Bucuresti, Institutul De Documentare Tehnica, 1957, 70p</subfield></datafield><datafield ind1=" " ind2=" " tag="852"><subfield code="a">26307</subfield></datafield></record></collection>